<?xml version="1.0" encoding="UTF-8"?>
<collection xmlns:xsi="http://www.w3.org/2001/XMLSchema-instance" xsi:schemaLocation="http://www.loc.gov/MARC21/slim http://www.loc.gov/standards/marcxml/schema/MARC21slim.xsd" xmlns="http://www.loc.gov/MARC21/slim">
<record>
  <leader>00797cam a2200229M  4500</leader>
  <controlfield tag="001">3080117</controlfield>
  <controlfield tag="003">NNC</controlfield>
  <controlfield tag="005">20130426015937.0</controlfield>
  <controlfield tag="008">940510s1930    ua       b    000 0dara d</controlfield>
  <datafield tag="035" ind1=" " ind2=" ">
    <subfield code="a">(OCoLC)ocm34166060</subfield>
  </datafield>
  <datafield tag="035" ind1=" " ind2=" ">
    <subfield code="9">ATQ5181CU</subfield>
  </datafield>
  <datafield tag="035" ind1=" " ind2=" ">
    <subfield code="a">(NNC)3080117</subfield>
  </datafield>
  <datafield tag="040" ind1=" " ind2=" ">
    <subfield code="a">MNU</subfield>
    <subfield code="c">MNU</subfield>
    <subfield code="d">ZCU</subfield>
  </datafield>
  <datafield tag="099" ind1=" " ind2=" ">
    <subfield code="a">893.791</subfield>
    <subfield code="a">Q125</subfield>
  </datafield>
  <datafield tag="100" ind1="1" ind2=" ">
    <subfield code="a">Qasṭallānī, Muḥammad ibn Aḥmad,</subfield>
    <subfield code="d">1217 or 1218-1287 or 1288.</subfield>
  </datafield>
  <datafield tag="245" ind1="1" ind2="0">
    <subfield code="a">Marāṣid al-ṣalāh fī maqāṣid al-ṣalāh /</subfield>
    <subfield code="c">li-Quṭb al-Dīn al-Qasṭallānī ; ʻuniya bi-ḍabṭihi wa-al-taʻlīq ʻalayhi Raḍwān Muḥammad Raḍwān.</subfield>
  </datafield>
  <datafield tag="260" ind1=" " ind2=" ">
    <subfield code="c">[1930]</subfield>
  </datafield>
  <datafield tag="300" ind1=" " ind2=" ">
    <subfield code="a">199 p. ;</subfield>
    <subfield code="c">20 cm.</subfield>
  </datafield>
  <datafield tag="504" ind1=" " ind2=" ">
    <subfield code="a">Includes bibliographical references.</subfield>
  </datafield>
  <datafield tag="650" ind1=" " ind2="0">
    <subfield code="a">Prayer</subfield>
    <subfield code="x">Islam.</subfield>
  </datafield>
  <datafield tag="700" ind1="1" ind2=" ">
    <subfield code="a">Raḍwān, Raḍwān Muḥammad.</subfield>
  </datafield>
  <datafield tag="955" ind1=" " ind2=" ">
    <subfield code="b">CU58895418</subfield>
    <subfield code="d">off,glx</subfield>
    <subfield code="e">893.791 Q125</subfield>
  </datafield>
</record>
</collection>